@ARTICLE{Haslam_408MHz_map,
   author = {{Haslam}, C.~G.~T. and {Salter}, C.~J. and {Stoffel}, H. and 
	{Wilson}, W.~E.},
    title = "{A 408 MHz all-sky continuum survey. II - The atlas of contour maps}",
  journal = {\aaps},
 keywords = {Astronomical Maps, Radio Astronomy, Ultrahigh Frequencies, Galactic Structure, Radio Telescopes, Relief Maps},
     year = 1982,
    month = jan,
   volume = 47,
    pages = {1},
   adsurl = {http://adsabs.harvard.edu/abs/1982A%26AS...47....1H},
  adsnote = {Provided by the SAO/NASA Astrophysics Data System}
}

@article{Liu_21cm_Fg,
author = {Liu, Adrian and Tegmark, Max}, 
title = {How well can we measure and understand foregrounds with 21-cm experiments?},
volume = {419}, 
number = {4}, 
pages = {3491-3504}, 
year = {2012}, 
doi = {10.1111/j.1365-2966.2011.19989.x}, 
URL = {http://mnras.oxfordjournals.org/content/419/4/3491.abstract}, 
eprint = {http://mnras.oxfordjournals.org/content/419/4/3491.full.pdf+html}, 
journal = {Monthly Notices of the Royal Astronomical Society} 
}

@article{Tegmark_CMB_spectra_wli,
  title = {How to measure CMB power spectra without losing information},
  author = {Tegmark, Max},
  journal = {Phys. Rev. D},
  volume = {55},
  issue = {10},
  pages = {5895--5907},
  numpages = {0},
  year = {1997},
  month = {May},
  publisher = {American Physical Society},
  doi = {10.1103/PhysRevD.55.5895},
  url = {http://link.aps.org/doi/10.1103/PhysRevD.55.5895}
}

@article{Tegmark_CMB_maps_wli,
  author={Max Tegmark},
  title={How to Make Maps from Cosmic Microwave Background Data without Losing Information},
  journal={The Astrophysical Journal Letters},
  volume={480},
  number={2},
  pages={L87},
  url={http://stacks.iop.org/1538-4357/480/i=2/a=L87},
  year={1997},
}

@ARTICLE{bowmanRogersMeasurement,
   author = {{Bowman}, J.~D. and {Rogers}, A.~E.~E.},
    title = "{A lower limit of {$\Delta$}z{\gt}0.06 for the duration of the reionization epoch}",
  journal = {Nature},
     year = 2010,
    month = dec,
   volume = 468,
    pages = {796-798},
      doi = {10.1038/nature09601},
   adsurl = {http://adsabs.harvard.edu/abs/2010Natur.468..796B},
  adsnote = {Provided by the SAO/NASA Astrophysics Data System}
}

@ARTICLE{rogersCalib,
   author = {{Rogers}, A.~E.~E. and {Bowman}, J.~D.},
    title = "{Absolute calibration of a wideband antenna and spectrometer for accurate sky noise temperature measurements}",
  journal = {Radio Science},
archivePrefix = "arXiv",
   eprint = {1209.1106},
 primaryClass = "astro-ph.IM",
 keywords = {antenna, calibration, spectrometer},
     year = 2012,
    month = aug,
   volume = 47,
      eid = {RS0K06},
    pages = {0},
      doi = {10.1029/2011RS004962},
   adsurl = {http://adsabs.harvard.edu/abs/2012RaSc...47.0K06R},
  adsnote = {Provided by the SAO/NASA Astrophysics Data System}
}

@ARTICLE{voytekSCIHI,
   author = {{Voytek}, T.~C. and {Natarajan}, A. and {J{\'a}uregui Garc{\'{\i}}a}, J.~M. and 
	{Peterson}, J.~B. and {L{\'o}pez-Cruz}, O.},
    title = "{Probing the Dark Ages at z \~{} 20: The SCI-HI 21 cm All-sky Spectrum Experiment}",
  journal = {\apjl},
archivePrefix = "arXiv",
   eprint = {1311.0014},
 primaryClass = "astro-ph.CO",
 keywords = {cosmology: observations, dark ages, reionization, first stars, methods: observational, radio continuum: general},
     year = 2014,
    month = feb,
   volume = 782,
      eid = {L9},
    pages = {L9},
      doi = {10.1088/2041-8205/782/1/L9},
   adsurl = {http://adsabs.harvard.edu/abs/2014ApJ...782L...9V},
  adsnote = {Provided by the SAO/NASA Astrophysics Data System}
}

@ARTICLE{BernardiLEDA,
   author = {{Bernardi}, G. and {McQuinn}, M. and {Greenhill}, L.~J.},
    title = "{Foreground Model and Antenna Calibration Errors in the Measurement of the Sky-Averaged $\backslash$lambda 21 cm Signal at z\~{}20}",
  journal = {ArXiv e-prints},
archivePrefix = "arXiv",
   eprint = {1404.0887},
 keywords = {Astrophysics - Cosmology and Nongalactic Astrophysics},
     year = 2014,
    month = apr,
   adsurl = {http://adsabs.harvard.edu/abs/2014arXiv1404.0887B},
  adsnote = {Provided by the SAO/NASA Astrophysics Data System}
}

@ARTICLE{DAREMCMC,
   author = {{Harker}, G.~J.~A. and {Pritchard}, J.~R. and {Burns}, J.~O. and 
	{Bowman}, J.~D.},
    title = "{An MCMC approach to extracting the global 21-cm signal during the cosmic dawn from sky-averaged radio observations}",
  journal = {MNRAS},
archivePrefix = "arXiv",
   eprint = {1107.3154},
 primaryClass = "astro-ph.CO",
 keywords = {methods: statistical, cosmology: theory, diffuse radiation, radio lines: general},
     year = 2012,
    month = jan,
   volume = 419,
    pages = {1070-1084},
      doi = {10.1111/j.1365-2966.2011.19766.x},
   adsurl = {http://adsabs.harvard.edu/abs/2012MNRAS.419.1070H},
  adsnote = {Provided by the SAO/NASA Astrophysics Data System}
}

@ARTICLE{VedanthamLOFAR2,
   author = {{Vedantham}, H.~K. and {Koopmans}, L.~V.~E. and {de Bruyn}, A.~G. and 
	{Wijnholds}, S.~J. and {Brentjens}, M. and {Abdalla}, F.~B. and 
	{Asad}, K.~M.~B. and {Bernardi}, G. and {Bus}, S. and {Chapman}, E. and 
	{Ciardi}, B. and {Daiboo}, S. and {Fernandez}, E.~R. and {Ghosh}, A. and 
	{Harker}, G. and {Jelic}, V. and {Jensen}, H. and {Kazemi}, S. and 
	{Lambropoulos}, P. and {Martinez-Rubi}, O. and {Mellema}, G. and 
	{Mevius}, M. and {Offringa}, A.~R. and {Pandey}, V.~N. and {Patil}, A.~H. and 
	{Thomas}, R.~M. and {Veligatla}, V. and {Yatawatta}, S. and 
	{Zaroubi}, S. and {Anderson}, J. and {Asgekar}, A. and {Bell}, M.~E. and 
	{Bentum}, M.~J. and {Best}, P. and {Bonafede}, A. and {Breitling}, F. and 
	{Broderick}, J. and {Br{\"u}ggen}, M. and {Butcher}, H.~R. and 
	{Corstanje}, A. and {de Gasperin}, F. and {de Geus}, E. and 
	{Deller}, A. and {Duscha}, S. and {Eisl{\"o}ffel}, J. and {Engels}, D. and 
	{Falcke}, H. and {Fallows}, R.~A. and {Fender}, R. and {Ferrari}, C. and 
	{Frieswijk}, W. and {Garrett}, M.~A. and {Grie{\ss}meier}, J. and 
	{Gunst}, A.~W. and {Hassall}, T.~E. and {Heald}, G. and {Hoeft}, M. and 
	{H{\"o}randel}, J. and {Iacobelli}, M. and {Juette}, E. and 
	{Kondratiev}, V.~I. and {Kuniyoshi}, M. and {Kuper}, G. and 
	{Mann}, G. and {Markoff}, S. and {McFadden}, R. and {McKay-Bukowski}, D. and 
	{Mulcahy}, D.~D. and {Munk}, H. and {Nelles}, A. and {Norden}, M.~J. and 
	{Orru}, E. and {Pandey-Pommier}, M. and {Pizzo}, R. and {Polatidis}, A.~G. and 
	{Reich}, W. and {Renting}, A. and {R{\"o}ttgering}, H. and {Schwarz}, D. and 
	{Shulevski}, A. and {Smirnov}, O. and {Stappers}, B.~W. and 
	{Steinmetz}, M. and {Swinbank}, J. and {Tagger}, M. and {Tang}, Y. and 
	{Tasse}, C. and {ter Veen}, S. and {Thoudam}, S. and {Toribio}, C. and 
	{vocks}, C. and {Wise}, M.~W. and {Wucknitz}, O. and {Zarka}, P.
	},
    title = "{Lunar occultation of the diffuse radio sky: LOFAR measurements between 35 and 80 MHz}",
  journal = {ArXiv e-prints},
archivePrefix = "arXiv",
   eprint = {1407.4244},
 primaryClass = "astro-ph.IM",
 keywords = {Astrophysics - Instrumentation and Methods for Astrophysics, Astrophysics - Cosmology and Nongalactic Astrophysics},
     year = 2014,
    month = jul,
   adsurl = {http://adsabs.harvard.edu/abs/2014arXiv1407.4244V},
  adsnote = {Provided by the SAO/NASA Astrophysics Data System}
}

@ARTICLE{L13,
   author = {{Liu}, A. and {Pritchard}, J.~R. and {Tegmark}, M. and {Loeb}, A.
	},
    title = "{Global 21 cm signal experiments: A designer's guide}",
  journal = {\prd},
archivePrefix = "arXiv",
   eprint = {1211.3743},
 primaryClass = "astro-ph.CO",
 keywords = {Observation and data reduction techniques, computer modeling and simulation, Mathematical procedures and computer techniques, Cosmology, Observational cosmology},
     year = 2013,
    month = feb,
   volume = 87,
   number = 4,
      eid = {043002},
    pages = {043002},
      doi = {10.1103/PhysRevD.87.043002},
   adsurl = {http://adsabs.harvard.edu/abs/2013PhRvD..87d3002L},
  adsnote = {Provided by the SAO/NASA Astrophysics Data System}
}

@ARTICLE{Liu_Switzer_2014,
   author = {{Switzer}, E.~R. and {Liu}, A.},
    title = "{Erasing the variable: Empirical foreground discovery for global 21 cm spectrum experiments}",
  journal = {ArXiv e-prints},
archivePrefix = "arXiv",
   eprint = {1404.7561},
 keywords = {Astrophysics - Cosmology and Nongalactic Astrophysics},
     year = 2014,
    month = apr,
   adsurl = {http://adsabs.harvard.edu/abs/2014arXiv1404.7561S},
  adsnote = {Provided by the SAO/NASA Astrophysics Data System}
}

@ARTICLE{PritchardLoeb2010,
   author = {{Pritchard}, J.~R. and {Loeb}, A.},
    title = "{Constraining the unexplored period between the dark ages and reionization with observations of the global 21 cm signal}",
  journal = {\prd},
archivePrefix = "arXiv",
   eprint = {1005.4057},
 primaryClass = "astro-ph.CO",
 keywords = {Background radiations, Dark matter, Characteristics and properties of external galaxies and extragalactic objects},
     year = 2010,
    month = jul,
   volume = 82,
   number = 2,
      eid = {023006},
    pages = {023006},
      doi = {10.1103/PhysRevD.82.023006},
   adsurl = {http://adsabs.harvard.edu/abs/2010PhRvD..82b3006P},
  adsnote = {Provided by the SAO/NASA Astrophysics Data System}
}


